4148 5050
763 1563 1152 1663 Prooemium.

230 1811 485 1952 Ambitione
506 1868 611 1949 nulla
633 1849 780 1967 ducor,
820 1883 937 1974 quam
960 1894 1181 1947 muscarum
1204 1865 1357 1973 aliquot
1381 1891 1523 1972 genera
1544 1867 1683 1950 melius

232 2020 444 2093 constitute
470 2041 547 2094 nec
569 2041 728 2094 movete
749 2041 825 2093 neo
845 2016 1001 2120 explere
1031 2015 1203 2128 valenti·
1224 2040 1300 2092 nec
1325 2040 1374 2089 ex
1396 2014 1455 2088 his
1484 2035 1686 2091 aeternum

126 2219 129 2226 »
230 2163 398 2238 nominis
420 2164 497 2236 mei
517 2151 837 2252 monumentum,
868 2158 974 2257 apud
987 2165 1142 2232 nostros
1153 2133 1657 2258 lraudiueognitusqueero
1667 2169 1686 2249 ’,·

231 2319 308 2380 nec
329 2325 447 2400 prava
474 2299 633 2376 solertia
659 2319 725 2398 me
750 2303 905 2400 instigat
932 2317 1094 2376 naturae
1118 2303 1275 2401 vestigia
1301 2319 1545 2404 sequentem.
1632 2304 1687 2377 Ut

230 2441 413 2522 historiae
439 2441 603 2520 naturali
622 2443 760 2520 melius
786 2443 1051 2537 consulerem,
1088 2467 1191 2520 nove
1213 2443 1363 2546 aliquot
1386 2469 1526 2545 genera
1550 2446 1687 2522 sistere

230 2591 276 2671 in
292 2592 421 2668 auimo
437 2595 531 2664 erat.
588 2591 649 2662 Ne
664 2587 882 2664 terreamini
897 2590 1031 2661 amici!
1060 2587 1162 2662 Sane
1174 2587 1284 2660 multi
1298 2586 1531 2662 hodienove
1544 2613 1688 2686 genera

232 2753 281 2809 ex
306 2732 514 2806 notissimis
538 2725 743 2828 speciebus
770 2745 917 2802 temere
943 2745 1178 2829 procreant;
1219 2749 1320 2826 quae
1341 2725 1406 2802 hie
1424 2725 1685 2828 proferuntur,

231 2891 300 2950 aut
323 2869 439 2973 plane
464 2873 596 2969 ignota
621 2889 714 2950 sunt.
731 2890 797 2950 aut
816 2872 942 2953 minus
962 2871 1146 2971 cognite„
1215 2951 1218 2971 ἲ
1332 2959 1334 2964 Ι

348 3013 501 3088 Infinita
516 3039 643 3116 prope
659 3035 698 3088 er
714 3013 949 3089 incredibilis
970 3033 1029 3090 est
1045 3033 1205 3092 naturae
1218 3016 1380 3090 varietas
1402 3041 1449 3092 ee
1467 3033 1544 3091 tam
1561 3014 1688 3092 multi·

232 3159 323 3261 plex
346 3157 682 3232 diversissimarum
701 3155 911 3232 formarum
935 3179 973 3234 et
996 3157 1176 3234 colorum
1197 3160 1337 3260 copie,
1379 3137 1432 3233 ut¹
1450 3185 1471 3232 a
1491 3183 1583 3234 vero
1604 3183 1687 3238 non

234 3301 489 3393 aberraverit,
509 3305 576 3401 qui
591 3299 818 3392 contendat,
844 3325 958 3399 posse
976 3303 1150 3376 omnium
1168 3317 1208 3377 et
1223 3299 1436 3378 formarum
1452 3321 1492 3379 et
1507 3302 1688 3380 colorum
1732 3383 1737 3390 ,

236 3447 596 3545 compositionem
615 3471 732 3544 quam
750 3443 870 3518 modo
892 3445 977 3544 quis
992 3444 1138 3519 audere
1149 3443 1258 3535 velit,
1289 3448 1330 3518 in
1344 3447 1435 3546 ipsis
1449 3446 1562 3522 rebus
1579 3469 1689 3547 repe·

236 3591 313 3662 riri.
388 3589 498 3679 Quot
520 3587 704 3662 miracula
728 3590 767 3661 in
789 3587 868 3664 hoc
897 3611 1039 3688 genere
1058 3589 1200 3660 nostris
1227 3586 1466 3688 temporibus
1486 3613 1570 3665 non
1599 3606 1690 3662 sunt

236 3734 391 3806 invente
404 3749 442 3802 et
453 3747 545 3804 ante
555 3729 694 3806 oculos
708 3735 852 3830 posita!
878 3737 981 3824 Imo,
1000 3754 1101 3833 quae
1113 3727 1689 3832 absurdapropeBreughelii

198 3875 201 3879 ’
237 3871 439 3974 phantasia
455 3871 577 3950 modo
591 3871 909 3977 fingerepoterat,
921 3881 962 3952 in
971 3873 1138 3952 maribus
1153 3879 1338 3967 natantia,
1355 3876 1394 3948 in
1406 3873 1687 3970 amarulentis,

237 4018 278 4092 in
290 4035 390 4094 terra
406 4021 579 4120 repentia
593 4022 792 4110 invenisti;
819 4025 912 4096 etin
930 4039 1116 4124 quantum
1131 4044 1256 4096 zonae
1274 4017 1443 4096 torridae
1455 4017 1689 4096 luxurientes

239 4160 392 4237 colores
421 4164 582 4265 pictoris
606 4181 705 4238 artes
731 4167 911 4242 vincunt!
957 4170 1078 4245 Prout
1108 4165 1259 4268 aliquot
1286 4162 1349 4242 vel
1378 4184 1523 4244 temere
1553 4184 1691 4266 captae

1494 4334 1510 4382 1
