4148 5050
1087 537 1118 619 2

379 728 571 810 bestiolae
596 743 656 810 ex'
673 729 754 806 aliis
784 729 1112 833 mundi'partibus
1139 730 1257 808 nobis
1288 731 1548 828 advehuntur,
1587 759 1689 812 nova
1706 734 1835 838 aliqua

378 881 484 980 prius
505 882 626 952 invisa
644 876 771 951 forma
794 879 1048 975 conspicitur,
1082 902 1102 948 a
1124 877 1274 979 pridem
1298 883 1401 952 notis
1420 879 1639 981 discrepans
1663 900 1701 954 et
1719 879 1836 982 plane

381 1021 543 1098 diversa.
604 1021 758 1118 Quodsi
782 1039 935 1095 ceterae
962 1020 1097 1093 mundi
1113 1039 1240 1120 partes
1263 1049 1285 1096 a
1308 1026 1396 1097 viris
1415 1021 1540 1096 doctis
1561 1023 1836 1122 aliquantisper

385 1186 515 1242 esseut
534 1171 833 1268 pervestigatae,
866 1144 1095 1238 immensum
1119 1164 1238 1239 chaos
1260 1163 1432 1240 videntes
1453 1170 1696 1258 miraremur,
1730 1163 1835 1266 quid,
1908 1147 1911 1154 ¹

347 1300 351 1304 ’
381 1309 659 1410 refugeremus.
721 1311 781 1382 Ne
800 1308 1134 1408 Europaquidem
1145 1327 1279 1384 nostra
1293 1314 1382 1385 satis
1396 1315 1548 1412 cognita
1561 1329 1634 1402 est,
1666 1333 1717 1383 ne
1734 1306 1838 1408 apud

379 1477 453 1562 nos
473 1452 633 1551 quidem
648 1454 777 1526 omnia
794 1471 882 1524 sunt
901 1451 1066 1528 detecta.
1112 1458 1269 1554 Itaque,
1288 1456 1320 1528 si
1332 1481 1503 1558 unquam
1519 1473 1724 1550 systemate
1738 1475 1837 1554 opus

378 1593 470 1688 fuit,
513 1595 623 1696 quod
645 1593 769 1670 solida
795 1594 877 1668 basi
901 1588 1105 1689 niteretur,
1140 1597 1220 1672 lto'c
1243 1583 1364 1673 hodie
1387 1603 1646 1674 necessarium
1677 1615 1756 1690 est,
1786 1617 1839 1670 tte

377 1739 605 1815 innumerae
625 1739 798 1840 singulae
815 1763 874 1812 res
895 1743 935 1810 in
951 1710 1098 1812 molem
1118 1739 1349 1838 indigestam
1372 1732 1662 1816 coacerventu'r.

497 1884 611 1976 Quae
629 1907 724 1957 vero
747 1901 837 1954 suut
855 1886 1003 1981 primae
1028 1900 1068 1956 ot
1090 1883 1381 1980 antiquissimae
1406 1877 1602 1957 condendi
1623 1883 1839 1976 systematis

381 2024 657 2102 condidoues?
674 2039 734 2084 -'·
761 2028 842 2100 Iam
855 2003 1021 2126 primum
1040 2021 1473 2102 desideratur'ut'notae
1490 2025 1696 2126 apartibus
1714 2048 1840 2099 essen·

322 2244 333 2260 ,
379 2149 533 2246 tialibus
563 2172 736 2271 satisque
761 2188 852 2244 ante
873 2169 1011 2245 oculos
1035 2173 1173 2270 positis
1196 2169 1396 2272 petantur,
1438 2195 1620 2271 quaeque
1637 2171 1842 2250 variationi
1925 2265 1929 2278 .

379 2317 507 2390 minus
530 2317 607 2386 sint
623 2313 837 2404 obnoxiae,
870 2338 946 2388 neo
964 2316 1004 2384 in
1019 2312 1136 2385 aliam
1156 2339 1330 2413 unquam
1344 2300 1511 2388 formam
1526 2333 1737 2390 transeant.
1795 2317 1853 2387 In-

379 2458 536 2531 insectis
555 2474 766 2547 antennae,
786 2453 888 2546 alae,
919 2453 1059 2554 pedes,
1092 2458 1248 2555 orisque
1264 2472 1391 2553 partes
1412 2432 1715 2529 eaternaenotas
1733 2477 1842 2556 prae·

380 2598 476 2675 bent
496 2602 586 2674 satis
612 2617 735 2674 certas
766 2597 886 2686 etad
915 2597 1090 2672 animalis
1119 2617 1309 2672 naturam,
1325 2615 1366 2672 et
1383 2601 1488 2674 »vitae
1519 2595 1843 2672 consuetudinem

381 2739 549 2823 maxme
562 2748 815 2843 pertinentes.
833 2825 842 2833 ᾖ
874 2733 943 2816 Sin
959 2745 1000 2814 in
1018 2742 1092 2814 alia
1110 2744 1239 2843 aliqua
1255 2761 1365 2846 parte
1382 2733 1554 2818 animalis
1567 2737 1738 2844 pluribus
1758 2755 1843 2844 spe‘²

385 2887 517 2962 ciebus
532 2890 768 2960 conveniens
785 2885 932 2984 aliqua,
967 2907 1005 2958 et
1023 2891 1077 2958 ita
1097 2905 1280 2958 constans
1297 2903 1338 2956 et
1356 2889 1568 2983 conspicua
1586 2879 1625 2960 et
1638 2885 1844 2959 manifesta

386 3031 582 3104 diversitas
611 3031 840 3128 reperiatur,
884 3029 991 3102 cuius
1024 3050 1103 3124 ope
1137 3024 1212 3098 hae
1251 3021 1399 3122 species
1434 3051 1456 3098 a
1484 3025 1641 3125 reliquis
1665 3027 1842 3102 omnibus

385 3179 512 3276 primo
534 3177 662 3246 statim
679 3171 866 3270 adspectu
881 3169 1175 3270 dignoscantur,
1209 3171 1293 3270 quis
1308 3187 1367 3241 est
1384 3171 1451 3269 qui
1462 3163 1568 3242 illam
1586 3167 1843 3250 diversitatem

388 3342 461 3417 pro
480 3311 575 3388 nota
592 3318 685 3389 novi
699 3317 848 3414 generis
861 3309 1124 3411 recipiendam
1141 3331 1180 3385 et
1194 3310 1452 3388 adhibendam
1470 3336 1553 3386 esse
1566 3309 1708 3413 neget?
1739 3316 1844 3411 Quid

389 3463 494 3536 enim
513 3477 588 3550 est,
621 3456 731 3558 quod
747 3481 888 3558 genera
907 3459 1199 3544 constituimus,
1228 3456 1304 3528 nisi
1318 3471 1361 3526 ut
1376 3452 1523 3537 infinita
1544 3455 1736 3556 ¹quaedam
1749 3461 1845 3534 mul·-

390 3577 674 3680 titudotoudine
688 3601 835 3703 digesta
855 3600 1143 3700 conspiciatur?
1171 3595 1323 3692 Quodsi
1339 3597 1424 3698 quis
1442 3598 1489 3673 id
1499 3603 1595 3700 agit,
1618 3617 1662 3676 ut
1680 3622 1844 3696 systema

259 3730 273 3736 ”
392 3745 556 3862 aliquod
579 3770 797 3847 congruens
824 3743 865 3820 et‘
888 3743 962 3818 sibi
982 3738 1058 3843 ipsi
1080 3741 1180 3818 bene
1207 3744 1441 3816 conveniens
1468 3762 1549 3816 tum
1570 3744 1691 3819 inodo
1711 3767 1845 3821 natum

395 3915 483 3968 esse
507 3889 729 3985 arbitretur,
767 3915 857 3966 cunt
879 3912 1015 3964 omnes
1034 3908 1154 3964 notae
1173 3909 1222 3963 ex
1241 3912 1320 3962 una
1339 3885 1556 3991 eademque
1572 3906 1722 3964 tantum
1737 3911 1846 3992 parte

397 4005 653 4137 petitaesint,
684 4037 960 4150 perspicuitate
976 4059 1111 4140 parum
1122 4059 1216 4114 sane
1231 4029 1409 4111 consulit.
1466 4031 1544 4108 Sed
1562 4031 1755 4122 haedere
1767 4035 1845 4112 alio

395 4183 475 4274 iani
494 4177 588 4254 loco
605 4145 773 4279 pluribus
791 4181 950 4281 egimus.
1505 4155 1510 4162 ψ
