4148 5050
1049 487 1141 588 ,θ’

369 688 485 768 facile
503 685 694 792 designari
718 686 890 791 possints
920 708 999 760 uns
1029 683 1222 762 eiusmodi
1238 685 1736 796 delineatid'pro‘copiosa
1765 695 1828 772 vel

370 836 526 940 prolixa
540 854 600 911 est
624 831 827 909 verborum
850 829 1135 932 descriptione,
1170 813 1215 906 et
1231 829 1414 925 facillima
1438 839 1678 938 comparatio
1696 837 1747 912 de
1762 863 1825 931 eo,

370 980 481 1082 quod
499 982 614 1071 velis,
647 981 901 1054 certissimum
919 994 959 1050 te
970 972 1106 1050 faciet.

465 1129 515 1198 Et
527 1148 600 1200 nos
614 1146 805 1214 novorum
820 1119 913 1196 huic
928 1144 1113 1221 generum
1133 1122 1421 1216 constitutioni,
1440 1149 1555 1224 quam
1573 1127 1828 1199 necessariam

372 1291 458 1348 esse
475 1270 672 1358 neminem
698 1283 806 1340 certe
826 1262 974 1364 fugiet,
1017 1268 1153 1340 icones
1178 1267 1407 1359 nonnullas,
1448 1288 1494 1340 ut
1515 1271 1599 1367 ipsa
1620 1271 1829 1344 intuitione

372 1413 535 1489 clariora
562 1411 692 1483 omnia
716 1407 986 1499 redderemus,
1019 1408 1282 1501 adiunximus,
1316 1437 1417 1510 quse
1438 1415 1470 1486 si
1490 1439 1513 1484 a
1535 1416 1659 1490 minus
1690 1409 1830 1490 callida

373 1555 531 1656 quidem
547 1579 664 1626 manu
678 1551 896 1652 descriptae
909 1556 1002 1645 sint,
1020 1570 1149 1628 tamen
1163 1523 1370 1645 sufficient,
1384 1573 1431 1630 ut
1445 1553 1495 1629 de
1506 1555 1708 1656 generibus
1723 1555 1831 1634 hisoe

371 1697 520 1773 nullum
538 1695 697 1768 dubium
719 1695 957 1797 relinquant,
989 1699 1069 1768 imo
1094 1673 1362 1794 copiosam'et
1378 1698 1583 1772 molestam
1604 1695 1831 1799 descriptio·

321 1881 325 1892 ·
370 1866 462 1917 nem
484 1839 717 1940 superfluum
734 1839 911 1912 reddant.
972 1842 1056 1911 Nos
1075 1841 1177 1911 enim
1199 1837 1295 1912 nihil
1313 1842 1477 1940 amplius
1490 1841 1604 1916 nobis
1615 1866 1830 1944 proposue-
1885 1850 1893 1911 J

372 2009 500 2062 ramus
514 2029 539 2075 ,·
555 1985 629 2055 nisi
645 2001 690 2055 ut
705 2006 845 2084 genera
864 1979 964 2056 hoec
981 1986 1035 2054 ita
1052 1980 1349 2072 delinearemus,
1380 2001 1424 2056 ut
1441 1987 1622 2084 quisque,
1646 1983 1749 2084 quid
1764 1984 1832 2066 illu

375 2129 449 2205 sibi
468 2125 604 2218 velint,
635 2124 834 2226 intelligat.
881 2131 942 2199 vEt
957 2129 1056 2198 iusta
1074 2125 1147 2199 illis
1167 2150 1328 2226 quoque
1341 2151 1415 2200 nos
1430 2130 1589 2200 nomina
1602 2131 1833 2228 imposuisse

374 2294 591 2374 speramus,
623 2287 667 2340 ut
681 2267 753 2340 illis
772 2269 900 2361 editis,
932 2293 983 2342 ne
998 2267 1069 2341 alis
1086 2269 1266 2360 edantur,
1292 2286 1449 2344 cautum
1461 2273 1523 2346 sit.
1582 2268 1712 2346 Rebus
1727 2276 1832 2374 enim
1912 2351 1917 2360 x

374 2418 485 2490 novis
506 2411 555 2486 ad
580 2410 782 2486 clariorem
807 2410 1111 2509 designationem
1137 2399 1357 2484 nominibus
1383 2414 1494 2486 novis
1509 2403 1620 2509 vopus
1645 2431 1724 2501 est;
1760 2412 1831 2490 sed

375 2551 483 2632 iustis
497 2575 535 2630 et
548 2557 647 2658 aptis
665 2553 908 2648 nominibus,
941 2553 1061 2630 semel
1073 2555 1131 2628 rei
1147 2553 1357 2656 impositis,
1391 2552 1579 2656 deinceps
1597 2554 1758 2634 omnino
1773 2573 1831 2632 est

375 2679 594 2779 utendum·
691 2745 707 2788 ⁴·
