4148 5050
966 488 993 568 5

253 687 380 782 luerit,
420 684 573 792 s'pecies
598 683 703 777 illus,
747 695 849 786 ques
883 681 1103 759 diversitate
1132 681 1300 784 quadani
1340 681 1545 782 differunt,
1593 685 1704 764 snb·

253 826 488 910 divisione
518 825 665 906 tantum
695 829 823 932 ulique
854 827 1090 930 complecti3
1136 831 1197 904 sin
1233 829 1283 904 ed
1313 829 1417 905 illstn
1450 831 1709 910 diversitatem

252 979 351 1052 eliae
369 983 544 1078 insuper,
564 979 634 1051 etsi
647 977 772 1050 minus
790 974 1012 1050 essentiales
1030 970 1273 1050 differentiae
1290 974 1499 1068 accedant,
1518 991 1600 1052 tunt
1617 979 1709 1052 noti

252 1125 403 1223 generis
422 1119 682 1195 constituendi
698 1119 907 1194 necessitas
924 1121 1079 1193 exsistit.
1115 1121 1163 1190 Et
1178 1141 1265 1192 raro
1282 1117 1439 1219 quidem
1454 1117 1517 1213 fit,
1540 1137 1583 1194 ut
1595 1124 1707 1193 unius

250 1263 374 1368 pertis
383 1261 609 1340 differentia
637 1289 726 1338 cunt
752 1261 908 1336 alierum
937 1285 1098 1364 quoque
1117 1264 1283 1362 partium
1309 1261 1528 1338 diversitate
1551 1289 1633 1338 non
1657 1266 1709 1338 sit

251 1401 480 1501 coniuncta,
514 1426 553 1482 et
572 1405 646 1482 bec
660 1409 744 1508 ipsa
767 1411 919 1480 ratione
937 1409 1144 1479 maximum
1166 1425 1223 1481 est
1246 1413 1489 1482 momentum
1504 1410 1546 1481 in
1562 1407 1708 1482 alarum

248 1557 373 1645 tertis,
406 1573 569 1652 quarum
602 1547 785 1624 decursus
818 1551 1001 1624 attentius
1027 1545 1276 1640 observetur,
1322 1575 1558 1653 quemquam
1586 1567 1706 1626 uerno
1789 1597 1795 1608 ·

248 1696 332 1771 lieri
354 1719 474 1796 posse
491 1692 675 1795 negabit,
707 1697 816 1768 utin
843 1691 989 1770 eodem
1025 1693 1110 1766 alae
1139 1713 1325 1769 venatum
1355 1691 1521 1770 decursu
1553 1711 1707 1770 ceterae

247 1858 377 1943 pentes
399 1843 440 1912 in
460 1857 609 1914 tantum
633 1833 815 1915 different
836 1857 875 1913 et
898 1838 1140 1936 discrepent,
1173 1855 1219 1910 ut
1233 1862 1379 1912 novum
1402 1861 1522 1940 genus
1553 1840 1705 1938 optimo

246 1988 330 2059 iure
354 1987 404 2058 sit
430 1981 757 2070 constituendum.
817 1983 885 2058 Sic
904 1986 1198 2056 littruostuzae
1224 1983 1357 2080 (quam
1378 1979 1466 2055 vide
1481 1979 1595 2076 iufra)
1618 1980 1706 2058 eleo

247 2143 430 2202 tenerum
448 2123 632 2210 decursus
646 2123 751 2198 idem
769 2142 847 2214 est,
880 2126 947 2222 qui
965 2121 1262 2196 Tebenor'um
1285 2125 1433 2222 generi,
1465 2147 1555 2196 cum
1573 2134 1703 2198 tumen

246 2270 363 2367 longa
382 2285 421 2340 et
438 2281 586 2338 sursunt
603 2264 785 2340 inclinate
802 2263 1040 2366 proboscide
1058 2269 1244 2340 instructa
1258 2269 1330 2356 sit,
1362 2284 1402 2338 et
1418 2263 1566 2339 ocellos
1584 2269 1705 2340 mani·

244 2403 367 2487 festos
384 2408 577 2512 etpelpos
593 2408 710 2509 plane
724 2397 897 2485 diversos
917 2408 1073 2487 babeat.
1108 2411 1289 2485 (Contra
1315 2412 1356 2484 iu
1374 2407 1702 2504 Anthractbus,
1797 2454 1800 2468 ·

247 2555 357 2658 quid,
375 2554 416 2626 itt
425 2551 624 2626 'nonnullis
635 2547 1028 2652 Dasypogonibus
1047 2554 1209 2629 exoticis
1225 2553 1702 2644 slseuenarunrdecursus

247 2696 403 2798 quidem
420 2693 549 2768 differt
563 2691 762 2782 nonnihil,
792 2710 920 2764 tamen
939 2709 1091 2764 ceterae
1104 2689 1224 2768 notae
1237 2695 1290 2768 ita
1306 2713 1540 2794 congruunt,
1560 2699 1703 2770 omnis-

246 2863 323 2942 que
335 2835 488 2913 habitus
505 2833 620 2935 plane
631 2831 736 2910 idem
755 2851 831 2928 est,
863 2843 914 2906 ut'
926 2835 1035 2935 plura
1052 2858 1100 2910 en
1109 2833 1183 2928 illis
1198 2860 1341 2938 genera
1356 2833 1464 2912 nullo
1479 2837 1601 2913 modo
1622 2841 1700 2914 sint

183 3027 197 3034 -
244 2979 509 3087 disponenda;
535 2973 861 3070 seddifferentiae
876 2977 966 3052 illae
980 3003 1112 3053 ansam
1127 2998 1275 3078 tantum
1290 2999 1488 3082 praestant
1502 2983 1543 3056 in
1556 3007 1698 3084 genere

243 3128 330 3220 illo,
372 3129 524 3226 inquo
557 3139 786 3212 occurrunt,
836 3121 1116 3199 subdivisiones
1153 3121 1323 3225 aliquot,
1373 3148 1449 3206 nec
1480 3149 1719 3234 perperam,

243 3267 415 3346 sistendi.
434 3309 490 3326 -
520 3271 729 3343 Monernus
745 3263 810 3339 hic
827 3280 990 3358 tentum,
1011 3289 1153 3368 genere
1168 3253 1461 3371 nonnulla‘ptee
1474 3270 1557 3352 eliis
1571 3269 1697 3346 multi-

174 3384 178 3393 ·
241 3412 355 3491 sarias
377 3411 453 3488 hac
470 3411 624 3486 ratione
641 3427 680 3486 et
703 3411 926 3516 'constantes
948 3403 1185 3488 differentias
1202 3399 1386 3490 exhibere
1406 3411 1512 3505 (vide
1526 3417 1697 3515 Meigen

242 3560 434 3658 Diptera,
451 3556 713 3655 Aquisgrarti
733 3565 836 3640 1818
863 3555 1086 3630 erttonts
1102 3557 1190 3630 tab.
1201 3559 1277 3632 IV.
1295 3559 1343 3634 V.
1359 3559 1430 3632 VJ.
1460 3556 1694 3632 Scioimti

243 3700 330 3777 tab.
350 3695 445 3796 IX).
506 3698 619 3792 Quae
640 3693 798 3798 quidem
819 3692 1122 3795 subdivisiones,
1152 3695 1246 3775 licet
1266 3715 1311 3775 ut
1328 3696 1595 3776 describantur
1605 3723 1696 3802 pro·

242 3842 368 3921 fusam
385 3837 592 3917 verborum
618 3840 792 3940 copiam,
833 3837 1063 3940 plerumque
1086 3839 1310 3936 molestam,
1347 3866 1423 3922 nec
1445 3862 1575 3922 tamen
1593 3839 1694 3922 suffi·
1815 3857 1817 3862 '

243 3993 433 4077 cientem,
468 3983 681 4083 requirent,
720 3981 956 4084 praeclaram
990 4003 1120 4066 tamen
1154 3985 1204 4060 ad
1244 3991 1395 4090 species
1430 3977 1690 4080 inveniendas,

245 4155 403 4238 operam
430 4141 650 4231 praestent;
688 4145 776 4201 cum
807 4129 909 4202 enim
938 4127 999 4204 vel
1028 4126 1114 4203 rudi
1142 4155 1260 4208 manu
1288 4134 1422 4238 paucis
1449 4133 1718 4240 lineamentis
