4148 5050
379 667 428 736 Iu¹
442 659 578 736 ordine
592 662 874 761 Dipterorum,'
896 655 1330 760 quibuscumnobishic
1346 686 1406 736 res
1421 683 1499 758 est,
1530 651 1615 740 alae
1627 683 1718 741 sunt

263 807 432 880 intectae
454 830 530 880 nec
551 805 717 907 plicatae
737 823 873 880 ettam
894 821 1059 897 tenues„
1080 823 1123 876 ut
1140 830 1263 880 venae
1280 805 1460 904 facillime
1479 783 1718 907 cognoscun-

263 965 343 1039 tur,
376 948 650 1050 optimumque
669 974 854 1050 generum
879 966 1011 1022 notam
1043 967 1239 1046 praestare
1257 953 1426 1052 possint,
1458 953 1490 1022 si
1508 950 1719 1052 prudenter
1808 1001 1810 1010 =

265 1109 304 1164 et
319 1110 432 1165 caute
448 1096 537 1168 satis
557 1092 662 1166 adid
682 1092 952 1167 adhibeantur.¹
1006 1095 1106 1166 Nam
1129 1117 1176 1166 ex
1198 1097 1353 1168 minima
1378 1118 1533 1194 quaque
1547 1097 1588 1167 in
1606 1119 1719 1172 vena·

262 1260 349 1313 rum
370 1234 537 1326 decursu
558 1197 815 1310 abnormitute
843 1233 995 1339 sigirigus
1023 1255 1159 1334 petere
1177 1255 1282 1311 certe
1299 1241 1415 1310 nimia
1430 1242 1508 1340 iam
1531 1233 1719 1314 subtilitas

262 1377 377 1454 foret.
423 1379 482 1454 Ab
500 1382 568 1454 alis
586 1399 730 1453 sumtas
744 1378 811 1454 has
825 1398 938 1453 notas
953 1381 1033 1480 suis
1050 1381 1214 1480 quisque
1227 1378 1369 1489 oculis,
1396 1381 1478 1454 sine
1493 1379 1720 1456 ulla-micro·

207 1540 211 1552 ·
262 1524 389 1624 sco'pii
404 1548 499 1622 ope,
530 1499 703 1598 invenire
720 1542 872 1623 potest3
903 1545 978 1630 nec
994 1521 1071 1595 ulla
1092 1521 1264 1594 adhibita
1284 1540 1367 1600 arte
1384 1542 1503 1596 notae
1521 1522 1568 1596 ab
1594 1523 1719 1600 oculis
1767 1609 1771 1616 ,

261 1690 336 1739 usu
361 1668 624 1766 qualicunque
647 1665 797 1742 edoctis
826 1668 880 1739 ita
905 1664 1019 1739 facile
1049 1667 1332 1766 percipiuntur,
1364 1683 1407 1738 ut
1434 1668 1560 1766 primo
1590 1670 1720 1742 statim

263 1827 481 1909 conspectu
500 1833 620 1910 genus
640 1810 871 1910 plerumque
894 1807 1052 1886 decerni
1070 1810 1214 1907 possit;
1252 1810 1284 1880 si
1305 1809 1448 1899 minus,
1479 1806 1596 1884 facile
1621 1808 1741 1889 aliae'
1794 1783 1796 1788 ι

263 1949 479 2028 decernunt
495 1972 632 2046 notae,
663 1957 704 2027 in
726 1980 820 2054 quas
837 1977 1020 2028 venarum
1037 1949 1255 2026 diversitate
1274 1947 1462 2026 ducimur.
1480 1991 1498 2028 ,ν

378 2098 583 2172 Antemnae
598 2096 754 2196 quidem
771 2100 812 2168 in
829 2099 940 2170 certis
957 2091 1251 2191 quuotformis
1270 2071 1460 2164 nonsatis
1475 2097 1720 2191 reperiuntur

261 2235 337 2311 sibi
353 2256 586 2330 constantes,
603 2263 691 2311 cum
707 2261 888 2311 numerus
901 2259 1072 2342 quoque
1086 2231 1262 2307 esforma
1277 2233 1529 2308 articulorum
1547 2217 1720 2312 scrutatu
1816 2333 1820 2338 ,
1932 2298 1939 2306 .

263 2377 456 2456 difficilior
475 2385 543 2471 sit,
587 2399 716 2456 tamen
745 2379 794 2454 ad
821 2391 962 2480 genera
989 2375 1263 2454 constituenda
1288 2381 1529 2452 necessariae
1559 2397 1648 2451 sunt
1679 2367 1745 2472 'et'

249 2507 392 2615 aruns,
428 2523 603 2598 simodo
628 2540 710 2598 non
732 2523 781 2598 ad
807 2548 1011 2598 numerum
1033 2515 1284 2596 articulorum
1304 2541 1450 2596 tantum
1476 2525 1716 2620 respiciatur.

260 2669 364 2740 Raro
384 2685 531 2740 tantum
544 2691 625 2740 non
640 2669 729 2738 satis
741 2666 880 2764 liquet,
897 2679 992 2737 unm
1004 2661 1175 2760 singulae
1192 2669 1444 2735 antennarum
1457 2639 1585 2762 parles
1599 2689 1719 2738 annu·

262 2808 367 2912 lasau
382 2807 671 2914 anzarticulatae
684 2789 781 2899 siut,
810 2830 978 2906 raroque
992 2823 1248 2882 antennarum
1261 2801 1362 2880 basis
1377 2803 1618 2906 longioribus
1628 2784 1717 2908 pilis

263 2973 321 3028 est
339 2948 507 3028 obtecta.
1624 3057 1626 3064 Α

377 3099 540 3169 Minime
554 3093 827 3196 negligendum
847 3119 1005 3195 quoque
1023 3113 1082 3170 ess
1097 3098 1346 3196 Hypostomav
1357 3099 1409 3191 *),
1425 3095 1524 3166 inter
1539 3093 1717 3176 insertio·

261 3265 352 3341 nem
371 3260 642 3331 antennarum,
685 3264 750 3329 os,
789 3237 1007 3337 oculosque
1032 3236 1168 3330 situm,
1201 3263 1282 3338 quo
1312 3215 1508 3340 iramagna
1525 3257 1565 3316 et
1582 3262 1717 3319 nume*

261 3387 455 3460 fusissime
484 3386 729 3483 potissimum
751 3365 1029 3454 Muscldum
1052 3381 1196 3454 familia
1215 3381 1267 3454 'ad
1289 3406 1431 3480 genera
1450 3375 1715 3483 dignoscenda

261 3520 414 3600 utimur.
460 3525 694 3624 Plerumque
704 3525 881 3626 planum,
907 3522 1056 3597 levibus
1072 3523 1384 3622 depressionibus
1398 3541 1598 3618 [notatum
1615 3548 1714 3599 nou·

261 3669 703 3768 nunquamrostratum,
727 3655 1260 3742 ratonesioulosoiullatumt
1300 3667 1598 3757 Fortenses,
1623 3689 1713 3767 pro·

259 3811 388 3894 fessos
399 3809 613 3889 Lundeosis
628 3815 772 3914 primus
786 3809 1055 3916 hypostoma,·
1072 3805 1144 3886 sub
1161 3805 1354 3888 vocabulo
1371 3807 1517 3922 clypei,
1551 3831 1713 3922 quoque

301 4101 313 4182 ,Ν
331 4128 376 4205 J)
397 4120 549 4210 lingens
570 4119 662 4210 Meg.
684 4120 1034 4197 fttrttosectenkunde
1055 4120 1096 4191 V.
1124 4140 1158 4209 p·
1180 4139 1210 4204 3·
1232 4135 1329 4208 1501„
1421 4199 1427 4208 ⁴
1523 4175 1529 4184 .
